<?xml version="1.0" encoding="UTF-8"?><record xmlns="http://www.loc.gov/MARC21/slim" xmlns:cinclude="http://apache.org/cocoon/include/1.0" xmlns:zs="http://www.loc.gov/zing/srw/">
  <leader>00727cz  a2200157n  4500</leader>
  <controlfield tag="001">n  87895959 </controlfield>
  <controlfield tag="003">DLC</controlfield>
  <controlfield tag="005">20130313091926.0</controlfield>
  <controlfield tag="008">880301n| azannaabn          |b ana     c</controlfield>
  <datafield tag="010" ind1=" " ind2=" ">
    <subfield code="a">n  87895959 </subfield>
  </datafield>
  <datafield tag="035" ind1=" " ind2=" ">
    <subfield code="a">(OCoLC)oca02215569</subfield>
  </datafield>
  <datafield tag="040" ind1=" " ind2=" ">
    <subfield code="a">ICRL</subfield>
    <subfield code="b">eng</subfield>
    <subfield code="e">rda</subfield>
    <subfield code="c">DLC</subfield>
    <subfield code="d">OCoLC</subfield>
    <subfield code="d">DLC</subfield>
  </datafield>
  <datafield tag="110" ind1="2" ind2=" ">
    <subfield code="a">Southern Illinois University at Carbondale.</subfield>
    <subfield code="b">Department of Philosophy</subfield>
  </datafield>
  <datafield tag="410" ind1="2" ind2=" ">
    <subfield code="w">nnea</subfield>
    <subfield code="a">Southern Illinois University at Carbondale.</subfield>
    <subfield code="b">Dept. of Philosophy</subfield>
  </datafield>
  <datafield tag="510" ind1="2" ind2=" ">
    <subfield code="w">r</subfield>
    <subfield code="i">Hierarchical superior:</subfield>
    <subfield code="a">Southern Illinois University at Carbondale</subfield>
  </datafield>
  <datafield tag="670" ind1=" " ind2=" ">
    <subfield code="a">Kinesis (Southern Illinois University at Carbondale. Dept. of Philosophy). Kinesis, spring 1977:</subfield>
    <subfield code="b">p. 2 of cover (Department of Philosophy, Southern Illinois University, Carbondale, Illinois)</subfield>
  </datafield>
</record>